@article{np16,
   author = {{Papernot}, N. and {McDaniel}, P. and {Swami}, A. and {Harang}, R.
    },
    title = "{Crafting Adversarial Input Sequences for Recurrent Neural Networks}",
  journal = {ArXiv e-prints},
archivePrefix = "arXiv",
   eprint = {1604.08275},
 primaryClass = "cs.CR",
 keywords = {Computer Science - Cryptography and Security, Computer Science - Learning, Computer Science - Neural and Evolutionary Computing},
     year = 2016,
    month = apr,
   adsurl = {http://adsabs.harvard.edu/abs/2016arXiv160408275P},
  adsnote = {Provided by the SAO/NASA Astrophysics Data System}
}

@ARTICLE{tm13,
   author = {{Mikolov}, T. and {Sutskever}, I. and {Chen}, K. and {Corrado}, G. and 
    {Dean}, J.},
    title = "{Distributed Representations of Words and Phrases and their Compositionality}",
  journal = {ArXiv e-prints},
archivePrefix = "arXiv",
   eprint = {1310.4546},
 primaryClass = "cs.CL",
 keywords = {Computer Science - Computation and Language, Computer Science - Learning, Statistics - Machine Learning},
     year = 2013,
    month = oct,
   adsurl = {http://adsabs.harvard.edu/abs/2013arXiv1310.4546M},
  adsnote = {Provided by the SAO/NASA Astrophysics Data System}
}

@ARTICLE{cs14,
   author = {{Szegedy}, C. and {Zaremba}, W. and {Sutskever}, I. and {Bruna}, J. and 
    {Erhan}, D. and {Goodfellow}, I. and {Fergus}, R.},
    title = "{Intriguing properties of neural networks}",
  journal = {ArXiv e-prints},
archivePrefix = "arXiv",
   eprint = {1312.6199},
 primaryClass = "cs.CV",
 keywords = {Computer Science - Computer Vision and Pattern Recognition, Computer Science - Learning, Computer Science - Neural and Evolutionary Computing},
     year = 2013,
    month = dec,
   adsurl = {http://adsabs.harvard.edu/abs/2013arXiv1312.6199S},
  adsnote = {Provided by the SAO/NASA Astrophysics Data System}
}


